<?xml version="1.0" encoding="UTF-8"?>
<record xmlns="http://www.loc.gov/MARC21/slim" xmlns:xsi="http://www.w3.org/2001/XMLSchema-instance" xsi:schemaLocation="http://www.loc.gov/MARC21/slim http://www.loc.gov/standards/marcxml/schema/MARC21slim.xsd">
<leader>     cam a2200229 a 4500</leader>
<controlfield tag="001">002082366</controlfield>
<controlfield tag="003">NNU</controlfield>
<controlfield tag="005">20061010172312.0</controlfield>
<controlfield tag="008">930525s1951    le            001 0 ara d</controlfield>
<datafield tag="035" ind1="9" ind2=" ">
<subfield code="a">NYUb11038050</subfield>
</datafield>
<datafield tag="035" ind1=" " ind2=" ">
<subfield code="a">(CStRLIN)NYUG93-B23747</subfield>
</datafield>
<datafield tag="040" ind1=" " ind2=" ">
<subfield code="a">NNU</subfield>
<subfield code="c">NNU</subfield>
</datafield>
<datafield tag="041" ind1="1" ind2=" ">
<subfield code="a">ara</subfield>
<subfield code="b">grc</subfield>
</datafield>
<datafield tag="066" ind1=" " ind2=" ">
<subfield code="c">(3</subfield>
</datafield>
<datafield tag="090" ind1=" " ind2=" ">
<subfield code="a">BS315</subfield>
<subfield code="b">.A65 1951b</subfield>
</datafield>
<datafield tag="130" ind1="0" ind2=" ">
<subfield code="a">Bible.</subfield>
<subfield code="p">N.T.</subfield>
<subfield code="l">Arabic.</subfield>
</datafield>
<datafield tag="245" ind1="1" ind2="3">
<subfield code="6">880-01</subfield>
<subfield code="a">al-Kitāb al-Muqaddas, al-ʻAhd al-jadīd.</subfield>
</datafield>
<datafield tag="260" ind1=" " ind2=" ">
<subfield code="6">880-02</subfield>
<subfield code="a">[Beirut] :</subfield>
<subfield code="b">al-Maṭbaʻah al-Kāthūlīkīyah,</subfield>
<subfield code="c">1951.</subfield>
</datafield>
<datafield tag="300" ind1=" " ind2=" ">
<subfield code="a">523 p. ;</subfield>
<subfield code="c">18 cm.</subfield>
</datafield>
<datafield tag="500" ind1=" " ind2=" ">
<subfield code="a">Includes index.</subfield>
</datafield>
<datafield tag="880" ind1="1" ind2="3">
<subfield code="6">245-01/</subfield>
<subfield code="a">الكتاب المقدس، العهد الجديد.</subfield>
</datafield>
<datafield tag="880" ind1=" " ind2=" ">
<subfield code="6">260-02/</subfield>
<subfield code="a">[Beirut] :</subfield>
<subfield code="b">المطبعة الكاثوليكية،</subfield>
<subfield code="c">١٩٥١.</subfield>
</datafield>
<datafield tag="OWN" ind1=" " ind2=" ">
<subfield code="a">GENERAL</subfield>
</datafield>
<datafield tag="998" ind1=" " ind2=" ">
<subfield code="a">19930622</subfield>
<subfield code="d">19930525</subfield>
<subfield code="d">19930622</subfield>
<subfield code="n">NNU</subfield>
<subfield code="s">1</subfield>
<subfield code="t">c</subfield>
<subfield code="z">p</subfield>
</datafield>
<datafield tag="AVA" ind1=" " ind2=" ">
<subfield code="a">NYU50</subfield>
<subfield code="b">BOBST</subfield>
<subfield code="c">Main Collection</subfield>
<subfield code="d">BS315 .A65 1951b</subfield>
<subfield code="e">unavailable</subfield>
<subfield code="t">Unavailable</subfield>
<subfield code="f">1</subfield>
<subfield code="g">1</subfield>
<subfield code="h">N</subfield>
<subfield code="i">0</subfield>
<subfield code="j">MAIN</subfield>
<subfield code="k">0</subfield>
</datafield>
</record>
